<record><leader>00000cas a22000007a 4500</leader><controlfield tag="001">25524260</controlfield><controlfield tag="008">920324d19uu1943wyuwr ne      0    0eng d</controlfield><datafield ind1=" " ind2=" " tag="010"><subfield code="a">sn 92066972 </subfield></datafield><datafield ind1=" " ind2=" " tag="040"><subfield code="a">NVO</subfield><subfield code="b">eng</subfield><subfield code="c">NVO</subfield><subfield code="d">OCLCQ</subfield></datafield><datafield ind1=" " ind2=" " tag="042"><subfield code="a">msc</subfield></datafield><datafield ind1="0" ind2="4" tag="245"><subfield code="a">The Washakie signal fire.</subfield></datafield><datafield ind1=" " ind2=" " tag="260"><subfield code="a">Worland, Wyo. :</subfield><subfield code="b">Worland Pub. Co.</subfield></datafield><datafield ind1=" " ind2=" " tag="300"><subfield code="a">v.</subfield></datafield><datafield ind1=" " ind2=" " tag="310"><subfield code="a">Weekly</subfield></datafield><datafield ind1="0" ind2=" " tag="362"><subfield code="a">-v. 4, no. 42 (July 29, 1943).</subfield></datafield><datafield ind1=" " ind2=" " tag="588"><subfield code="a">Description based on: Vol. 2, no. 52 (Oct. 9, 1941).</subfield></datafield><datafield ind1=" " ind2="4" tag="651"><subfield code="a">Worland (Wyo.)</subfield><subfield code="v">Newspapers.</subfield></datafield><datafield ind1=" " ind2="4" tag="651"><subfield code="a">Washakie County (Wyo.)</subfield><subfield code="v">Newspapers.</subfield></datafield><datafield ind1=" " ind2=" " tag="752"><subfield code="a">United States</subfield><subfield code="b">Wyoming</subfield><subfield code="c">Washakie</subfield><subfield code="d">Worland.</subfield></datafield><datafield ind1="0" ind2="4" tag="785"><subfield code="t">Northern Wyoming daily news</subfield><subfield code="w">(DLC)sn 90051713</subfield></datafield></record>